<collection xmlns="http://www.loc.gov/MARC21/slim">
<record>
  <leader>01388nam0a22002771i 450 </leader>
  <controlfield tag="001">IT\ICCU\CNCE\072774</controlfield>
  <controlfield tag="005">20080417000000.0</controlfield>
  <datafield tag="012" ind1=" " ind2=" ">
    <subfield code="a">e-am a-e- uea, n-a, (C) 1564 (R)</subfield>
    <subfield code="2">fei</subfield>
  </datafield>
  <datafield tag="100" ind1=" " ind2=" ">
    <subfield code="a">20080416d1564        0itac0103    ba</subfield>
  </datafield>
  <datafield tag="101" ind1=" " ind2=" ">
    <subfield code="a">LAT</subfield>
  </datafield>
  <datafield tag="102" ind1=" " ind2=" ">
    <subfield code="a">IT</subfield>
  </datafield>
  <datafield tag="200" ind1="1" ind2=" ">
    <subfield code="a">℗F. Francisci Forerii... ℗Ad sacrum concilium triden. ©Ł Portugalliae Rege missi, sermo; quem habuit ad patres, Dominica prima Aduen. anno 1563</subfield>
  </datafield>
  <datafield tag="210" ind1=" " ind2=" ">
    <subfield code="a">Brixiae</subfield>
    <subfield code="c">ad instantiam Ioannis Baptistae Bozolae</subfield>
    <subfield code="d">1564</subfield>
    <subfield code="e">Brixiae</subfield>
    <subfield code="g">apud Ludouicum Sabiensem</subfield>
    <subfield code="h">1564</subfield>
  </datafield>
  <datafield tag="215" ind1=" " ind2=" ">
    <subfield code="a">\8! c.</subfield>
    <subfield code="d">4℗ð</subfield>
  </datafield>
  <datafield tag="300" ind1=" " ind2=" ">
    <subfield code="a">ANNULLATA !!!  vedi 19464Marca (Z701) sul front. -  Segn.: A-B́þ. -  iniziali xil. - marca sul front IT\ICCU\BVEM\000491</subfield>
  </datafield>
  <datafield tag="620" ind1=" " ind2=" ">
    <subfield code="a">IT</subfield>
    <subfield code="d">Brescia</subfield>
  </datafield>
  <datafield tag="700" ind1=" " ind2="1">
    <subfield code="a">Foreiro,</subfield>
    <subfield code="b">Francisco</subfield>
    <subfield code="3">IT\ICCU\CNCA\001143</subfield>
  </datafield>
  <datafield tag="712" ind1="0" ind2="0">
    <subfield code="a">Bozzola, Giovanni Battista</subfield>
    <subfield code="3">IT\ICCU\CNCT\000790</subfield>
    <subfield code="4">650</subfield>
  </datafield>
  <datafield tag="712" ind1="0" ind2="0">
    <subfield code="a">Sabbio, Lodovico</subfield>
    <subfield code="3">IT\ICCU\CNCT\000868</subfield>
    <subfield code="4">650</subfield>
  </datafield>
  <datafield tag="790" ind1=" " ind2="1">
    <subfield code="a">Forerius,</subfield>
    <subfield code="b">Franciscus</subfield>
    <subfield code="3">IT\ICCU\CNCA\014184</subfield>
    <subfield code="z">Foreiro, Francisco</subfield>
  </datafield>
  <datafield tag="791" ind1="0" ind2="0">
    <subfield code="a">Bozola, Ioannes Baptista</subfield>
    <subfield code="3">IT\ICCU\CNCT\003649</subfield>
    <subfield code="z">Bozzola, Giovanni Battista</subfield>
  </datafield>
  <datafield tag="791" ind1="0" ind2="0">
    <subfield code="a">Sabiensis, Ludovicus</subfield>
    <subfield code="3">IT\ICCU\CNCT\004079</subfield>
    <subfield code="z">Sabbio, Lodovico</subfield>
  </datafield>
  <datafield tag="791" ind1="0" ind2="0">
    <subfield code="a">Da_Sabbio, Ludovico</subfield>
    <subfield code="3">IT\ICCU\CNCT\005501</subfield>
    <subfield code="z">Sabbio, Lodovico</subfield>
  </datafield>
  <datafield tag="791" ind1="0" ind2="0">
    <subfield code="a">Nicolini da Sabbio, Ludovico</subfield>
    <subfield code="3">IT\ICCU\CNCT\005505</subfield>
    <subfield code="z">Sabbio, Lodovico</subfield>
  </datafield>
  <datafield tag="801" ind1=" " ind2="3">
    <subfield code="a">IT</subfield>
    <subfield code="b">ICCU</subfield>
    <subfield code="c">20201115</subfield>
  </datafield>
  <datafield tag="899" ind1=" " ind2=" ">
    <subfield code="a">Biblioteca Vallicelliana. Roma</subfield>
    <subfield code="1">RM0281</subfield>
    <subfield code="2">RML 08</subfield>
  </datafield>
</record>
</collection>
